<?xml version="1.0" encoding="UTF-8"?><collection xmlns="http://www.loc.gov/MARC21/slim"><record><leader>00700nam--2200181-i-4500</leader><controlfield tag="001">000018720</controlfield><controlfield tag="002">20161230</controlfield><controlfield tag="005">20161230201032</controlfield><controlfield tag="008">060222s1000------------r-----000-0-fre-d</controlfield><datafield ind1=" " ind2=" " tag="040"><subfield code="a">IFIN-HH</subfield></datafield><datafield ind1=" " ind2=" " tag="041"><subfield code="a">fre</subfield></datafield><datafield ind1=" " ind2=" " tag="080"><subfield code="a">539.1.074.55</subfield></datafield><datafield ind1="1" ind2=" " tag="100"><subfield code="a">Duborgel, Bernard</subfield></datafield><datafield ind1="1" ind2="0" tag="245"><subfield code="a">Construction et etude de detecteurs a jonction a barriere de surface au si utilisables dans la recherche sur les reactions(n, ). application des detecteurs a semi-conducteurs a la mesure de flux de neutrons rapides par la methode de la particule associe</subfield><subfield code="b">These</subfield><subfield code="c">Bernard duborgel</subfield></datafield><datafield ind1=" " ind2=" " tag="260"><subfield code="a">Lyon</subfield><subfield code="b">Faculte Des Sciences</subfield><subfield code="c">1962</subfield></datafield><datafield ind1=" " ind2=" " tag="300"><subfield code="a">55 P</subfield></datafield><datafield ind1=" " ind2=" " tag="852"><subfield code="a">18168</subfield><subfield code="c">539.1.07:539.1.08</subfield></datafield><datafield ind1=" " ind2=" " tag="CAT"><subfield code="a">Sys</subfield><subfield code="c">20111018</subfield><subfield code="h">135251</subfield></datafield></record></collection>